@article{Hong2015ASplines,
    title = {{A generalized semi-analytical load distribution model for clearance-fit, major-fit, minor-fit, and mismatched splines}},
    year = {2015},
    journal = {Proceedings of the Institution of Mechanical Engineers, Part C: Journal of Mechanical Engineering Science},
    author = {Hong, J. and Talbot, D. and Kahraman, A.},
    number = {7-8},
    pages = {1126--1138},
    volume = {230},
    doi = {10.1177/0954406215603741},
    issn = {20412983},
    keywords = {contact analysis, design, gear systems, powertrain}
}

@article{Silvers2010ASplines,
    title = {{A New Statistical Model for Predicting Tooth Engagement and Load Sharing in Involute Splines}},
    year = {2010},
    journal = {AGMA - 10FTM07},
    author = {Silvers, Janene and Sorensen, Carl D. and Chase, Kenneth W.},
    doi = {ISBN: 978-1-55589-982-0}
}

@article{Chander1983AbnormalStudy,
    title = {{Abnormal wear of gear couplings - a case study}},
    year = {1983},
    journal = {Tribology International},
    author = {Chander, T. and Biswas, S.},
    number = {3},
    pages = {141--146},
    volume = {16},
    doi = {10.1016/0301-679X(83)90057-9},
    issn = {0301679X},
    keywords = {failure, flexible couplings}
}

@techreport{Locker1976AircraftPlastic,
    title = {{Aircraft Engine Driven Accesory Shaft Coupling Inprovements Using High-Strength, Low Wear Polymide plastic}},
    year = {1976},
    booktitle = {Naval Air test Center},
    author = {Locker, Aleck},
    address = {Maryland}
}

@article{Medina2002AnCouplings,
    title = {{An analysis of misaligned spline couplings}},
    year = {2002},
    journal = {Proceedings of the Institution of Mechanical Engineers, Part J: Journal of Engineering Tribology},
    author = {Medina, Simon and Olver, A. V.},
    number = {5},
    pages = {269--279},
    volume = {216},
    isbn = {1350-6501},
    doi = {10.1243/135065002760364813},
    issn = {13506501},
    keywords = {Misalignment, Pressure, Slip, Spline couplings, wear}
}

@article{Benatar2017AnConditions,
    title = {{An experimental investigation of the load distribution of spline joints under gear loading conditions}},
    year = {2017},
    journal = {Journal of Advanced Mechanical Design},
    author = {Benatar, Michael and Talbot, D. and Kahraman, A.},
    number = {6},
    pages = {1--12},
    volume = {11},
    url = {https://www.jstage.jst.go.jp/article/jamdsm/11/6/11_2017jamdsm0084/_pdf/-char/ja},
    doi = {10.1299/jamdsm.2017jamdsm0084},
    issn = {1881-3054},
    keywords = {gear-shaft interface, involute splines, load distribution, root stress, splined joint}
}

@article{McMath1961AnCouplings,
    title = {{An experimental study of fretting wear in gear tooth flexible couplings}},
    year = {1961},
    journal = {ASLE Transactions},
    author = {McMath, Robert R.},
    number = {2},
    pages = {197--212},
    volume = {4},
    doi = {10.1080/05698196108972431},
    issn = {05698197}
}

@article{Cura2014AnalysisTeeth,
    title = {{Analysis of a load application point in spline coupling teeth}},
    year = {2014},
    journal = {Journal of Zhejiang University SCIENCE A},
    author = {Cur{\`{a}}, Francesca and Mura, Andrea},
    number = {4},
    month = {4},
    pages = {302--308},
    volume = {15},
    publisher = {Zhejiang University Press},
    url = {http://link.springer.com/10.1631/jzus.A1300323},
    doi = {10.1631/jzus.A1300323},
    issn = {1673-565X}
}

@article{Cuffaro2012AnalysisCouplings,
    title = {{Analysis of the pressure distribution in spline couplings}},
    year = {2012},
    journal = {Proceedings of the Institution of Mechanical Engineers, Part C: Journal of Mechanical Engineering Science},
    author = {Cuffaro, Vincenzo and Cur{\`{a}}, Francesca and Mura, Andrea},
    number = {12},
    pages = {2852--2859},
    volume = {226},
    doi = {10.1177/0954406212440670},
    issn = {09544062},
    keywords = {Spline coupling, experimental pressure, pressure distribution, pressure film}
}

@article{Margineanu2012AnalyticSurfaces,
    title = {{Analytic and Experimental Study of the Load Distribution on Spline Joints Length Considering the Contact Rigidity of the Bearing Surfaces}},
    year = {2012},
    journal = {Applied Mechanics and Materials},
    author = {M{\u{a}}rgineanu, Dan and M{\u{a}}rgineanu, E. and Z{\u{a}}bav{\u{a}}, E.S. and F{\^{a}}rt{\u{a}}, A. M.},
    number = {March},
    pages = {74--83},
    volume = {162},
    url = {https://www.scientific.net/AMM.162.74},
    isbn = {9783037853955},
    doi = {10.4028/www.scientific.net/AMM.162.74},
    issn = {1662-7482},
    keywords = {load distribution, spline joints, strain gauges.}
}

@article{Alfares2006ClearanceVariations,
    title = {{Clearance distribution of misaligned gear coupling teeth considering crowning and geometry variations}},
    year = {2006},
    journal = {Mechanism and Machine Theory},
    author = {Alfares, M.A. and Falah, A.H. and Elkholy, A.H.},
    number = {10},
    pages = {1258--1272},
    volume = {41},
    isbn = {0094-114X},
    doi = {10.1016/j.mechmachtheory.2005.11.004},
    issn = {0094114X},
    keywords = {Clearance distribution, Gear couplings, Gear misalignment}
}

@article{Gibbons1976CouplingForces,
    title = {{Coupling misalignment forces}},
    year = {1976},
    journal = {Proceedings of the Fifth Turbomachinery Symposium},
    author = {Gibbons, C.B.},
    pages = {111--116}
}

@book{Mancuso1986CouplingsApplication,
    title = {{Couplings and joints: design, selection and application}},
    year = {1986},
    author = {Mancuso, J.R.},
    publisher = {Technology {\&} Engineering. M. Dekker}
}

@article{Cafaggi2015DevelopmentSystems,
    title = {{Development of analysis tools for self-rectifying impulse turbines for OWC systems}},
    year = {2015},
    journal = {Conversion systems},
    author = {Cafaggi, Giovanni},
    pages = {96--105},
    volume = {214},
    doi = {10.12910/EAI2015-037},
    keywords = {boundary elements, contact analysis, spline couplings, transmission design}
}

@article{Mura2018EvaluationCouplings,
    title = {{Evaluation of graphene grease compound as lubricant for spline couplings}},
    year = {2018},
    journal = {Tribology International},
    author = {Mura, Andrea and Cur{\`{a}}, Francesca and Adamo, Federica},
    month = {1},
    pages = {162--167},
    volume = {117},
    url = {https://linkinghub.elsevier.com/retrieve/pii/S0301679X17304152},
    doi = {10.1016/j.triboint.2017.08.027},
    issn = {0301679X}
}

@article{Cura2017EvaluationCouplings,
    title = {{Evaluation of the fretting wear damage on crowned splined couplings}},
    year = {2017},
    journal = {Procedia Structural Integrity},
    author = {Cur{\`{a}}, Francesca and Mura, Andrea},
    pages = {1393--1400},
    volume = {5},
    publisher = {Elsevier B.V.},
    url = {https://www.sciencedirect.com/science/article/pii/S2452321617303220},
    doi = {10.1016/J.PROSTR.2017.07.203},
    issn = {2452-3216},
    keywords = {Ruiz parameter, fretting, misalignment, spline coupling, test rig}
}

@article{Cura2014ExperimentalCouplings,
    title = {{Experimental and theoretical investigation about reaction moments in misaligned splined couplings}},
    year = {2014},
    journal = {Mechanical Systems and Signal Processing},
    author = {Cur{\`{a}}, Francesca and Mura, Andrea},
    number = {2},
    pages = {504--512},
    volume = {45},
    publisher = {Elsevier},
    url = {http://dx.doi.org/10.1016/j.ymssp.2013.12.005},
    isbn = {9783037858301},
    doi = {10.1016/j.ymssp.2013.12.005},
    issn = {08883270},
    keywords = {Shaft misalignment, Spline coupling, Tilting moment, Tooth stiffness, Transmission design}
}

@article{Qureshi2017ExperimentalCouplings,
    title = {{Experimental characterization of roughness parameters for fretting wear in spline couplings}},
    year = {2017},
    journal = {Meccanica},
    author = {Qureshi, Waqar and Cura, Francesca and Mura, Andrea},
    number = {8},
    month = {6},
    pages = {1975--1984},
    volume = {52},
    publisher = {Springer Netherlands},
    url = {http://link.springer.com/10.1007/s11012-016-0535-7},
    doi = {10.1007/s11012-016-0535-7},
    issn = {0025-6455}
}

@article{Cuffaro2014ExperimentalCouplings,
    title = {{Experimental investigation about surface damage in straight and crowned misaligned splined couplings}},
    year = {2014},
    journal = {Key Engineering Materials},
    author = {Cuffaro, Vincenzo and Cur{\`{a}}, Francesca and Mura, Andrea},
    pages = {353--356},
    volume = {577-578},
    publisher = {Trans Tech Publications Ltd., Switzerland},
    url = {https://www.engineeringvillage.com/share/document.url?mid=inspec_944d6bd146f7bd62faM695010178163125&database=ins},
    isbn = {9783037858301},
    doi = {10.4028/www.scientific.net/KEM.577-578.353},
    issn = {1013-9826},
    keywords = {damage patterns, experimental tests, fretting, wear}
}

@article{Cura2013ExperimentalMisalignment,
    title = {{Experimental procedure for the evaluation of tooth stiffness in spline coupling including angular misalignment}},
    year = {2013},
    journal = {Mechanical Systems and Signal Processing},
    author = {Cur{\`{a}}, Francesca and Mura, Andrea},
    number = {2},
    pages = {545--555},
    volume = {40},
    publisher = {Elsevier},
    url = {http://dx.doi.org/10.1016/j.ymssp.2013.06.033},
    isbn = {0888-3270},
    doi = {10.1016/j.ymssp.2013.06.033},
    issn = {08883270},
    keywords = {Displacement sensor, Spline coupling, Stewart platform, Tooth stiffness}
}

@article{Cura2017FatigueValidation,
    title = {{Fatigue damage in spline couplings: numerical simulations and experimental validation}},
    year = {2017},
    journal = {Procedia Structural Integrity},
    author = {Cur{\`{a}}, Francesca and Mura, Andrea and Adamo, Federica},
    pages = {1326--1333},
    volume = {5},
    publisher = {Elsevier B.V.},
    url = {http://linkinghub.elsevier.com/retrieve/pii/S2452321617302536},
    doi = {10.1016/j.prostr.2017.07.141},
    issn = {24523216},
    keywords = {Spline coupling, fatigue, fretting, test rig, wear}
}

@phdthesis{Medina2002FrettingCouplings,
    title = {{Fretting Wear of Misaligned Spline Couplings}},
    year = {2002},
    author = {Medina, Simon},
    school = {Imperial College of Science, Technology and Medicine}
}

@article{Palazzolo1992GearVibration,
    title = {{Gear coupling misalignment induced forces and their effects on machinery vibration}},
    year = {1992},
    journal = {Proceedings of the 21st Turbomachinery Symposium},
    author = {Palazzolo, Alan B. and Locke, Stephen R. and Calistrat, Michael and Clark, Robert W. and Ayoub, Akram and Calistrat, Dan and Tang, Punan},
    pages = {83--96}
}

@inproceedings{Renzo1968GearCouplings,
    title = {{Gear Couplings}},
    year = {1968},
    booktitle = {Winter Annual Meeting of ASME},
    author = {Renzo, P. C. and Kaufman, S. and de Rocker, D. E.},
    pages = {467--474}
}

@techreport{Guo2013GearboxCouplings,
    title = {{Gearbox Reliability Collaborative Analytic Formulation for the evaluation of spline couplings}},
    year = {2013},
    author = {Guo, Yi and Keller, Jonathan},
    institution = {NREL-National Renewable Energy Laboratory},
    address = {Denver, Colorado}
}

@book{CETIM2014GuieBombees,
    title = {{Guie de demensionnement des accouplements {\`{a}} dentures bomb{\'{e}}es}},
    year = {2014},
    author = {{CETIM}},
    isbn = {9782368940488}
}

@article{Wink2013InfluenceCouplings,
    title = {{Influence of Gear Loads on Spline Couplings}},
    year = {2013},
    journal = {AGMA - 13FTM20},
    author = {Wink, C H and Nakandakar, M},
    number = {February},
    pages = {42--49},
    url = {http://www.lunaas.randallpublications.com/issues/0214/spline-couplings.pdf%5Cnpapers3://publication/uuid/60842291-D586-4523-88B1-0A50932DCD8D},
    isbn = {9781614810773}
}

@article{Hong2014LoadElements,
    title = {{Load distribution analysis of clearance-fit spline joints using finite elements}},
    year = {2014},
    journal = {Mechanism and Machine Theory},
    author = {Hong, J. and Talbot, D. and Kahraman, A.},
    pages = {42--57},
    volume = {74},
    publisher = {Elsevier Ltd},
    url = {http://dx.doi.org/10.1016/j.mechmachtheory.2013.11.007},
    isbn = {1460-2466},
    doi = {10.1016/j.mechmachtheory.2013.11.007},
    issn = {0094114X},
    pmid = {23793020},
    arxivId = {arXiv:1011.1669v3},
    keywords = {FEM, load distribution}
}

@article{Tjernberg2001LoadCoupling,
    title = {{Load distribution and pitch errors in a spline coupling}},
    year = {2001},
    journal = {Materials {\&} Design},
    author = {Tjernberg, A},
    number = {October 2000},
    pages = {259--266},
    volume = {22},
    url = {https://ac.els-cdn.com/S0261306900000947/1-s2.0-S0261306900000947-main.pdf?_tid=spdf-6551b53e-f759-4962-9d39-861ff0450518&acdnat=1519746657_c256fdf1d4a4ed71835ea19c6adca00b},
    isbn = {4616152934},
    doi = {10.1016/S0261-3069(00)00094-7},
    issn = {02613069},
    keywords = {pitch error, shaft, sleeve, spline coupling}
}

@article{Cura2013LoadMisalignment,
    title = {{Load distribution in spline coupling teeth with parallel offset misalignment}},
    year = {2013},
    journal = {Proceedings of the Institution of Mechanical Engineers, Part C: Journal of Mechanical Engineering Science},
    author = {Cur{\`{a}}, Francesca and Mura, Andrea and Gravina, Michele},
    number = {10},
    pages = {2195--2205},
    volume = {227},
    doi = {10.1177/0954406212471916},
    issn = {09544062},
    keywords = {Spline coupling, load sharing, manufacturing errors, parallel offset, transmission design}
}

@incollection{Klebanov2008MachineDesign,
    title = {{Machine Elements: Life {\&} Design}},
    year = {2008},
    booktitle = {Machine Elements: Life {\&} Design},
    author = {Klebanov, Boris M. and Barlam, David m. and Nystrom, Frederic E.},
    chapter = {Connection},
    pages = {342--353},
    publisher = {Boca Raton (Fla.) : CRC Press},
    isbn = {9780849395635}
}

@techreport{WoodleyMaterialsCouplings,
    title = {{Materials for Gear Couplings}},
    author = {Woodley, B.J.},
    institution = {Michael Neale and Associate Ltd.},
    address = {Farnham, England}
}

@article{Weatherford1968MechanismsSplines,
    title = {{Mechanisms of Wear in Misaligned Splines}},
    year = {1968},
    journal = {Journal of Lubrication Technology},
    author = {Weatherford, W. D. and Valtierra, M. L. and Ku, P. M.},
    pages = {42--48},
    doi = {10.1115/1.3601559},
    issn = {00222305}
}

@article{Elkholy2002MisalignmentCouplings,
    title = {{Misalignment loads in splined gear couplings}},
    year = {2002},
    journal = {International Journal of Computer Applications in Technology},
    author = {Elkholy, A.H. and Alfares, M.a.},
    pages = {128},
    volume = {15},
    doi = {10.1504/IJCAT.2002.000288},
    issn = {0952-8091},
    keywords = {1, 1002, 128-137, 15, 3, a, and alfares, clearance, elkholy, follows, gear couplings, gear teeth, h, int, loads, m, misalignment, misalignment loads in splined, nos, of computer applications in, pp, reference to this article, should be made as, spline coupling, technology, vol}
}

@article{Houghton2009MultiaxialCouplings,
    title = {{Multiaxial fretting fatigue testing and prediction for splined couplings}},
    year = {2009},
    journal = {International Journal of Fatigue},
    author = {Houghton, D. and Wavish, P. M. and Williams, E. J. and Leen, S. B.},
    isbn = {0142-1123},
    doi = {10.1016/j.ijfatigue.2008.12.005},
    issn = {01421123},
    keywords = {Crack nucleation, Fracture mechanics, Fretting fatigue, Fretting fatigue testing}
}

@article{Houghton2008MultiaxialCouplings,
    title = {{Multiaxial fretting fatigue testing and prediction for splined couplings}},
    year = {2008},
    author = {Houghton, D and Wavish, P M and Williams, E J and Leen, S B},
    url = {https://ac.els-cdn.com/S0142112308002867/1-s2.0-S0142112308002867-main.pdf?_tid=09a5466d-be4a-4fcb-991f-fc85b79ef0d5&acdnat=1540546593_bcc9bcdd2e1de955319f671538c024de},
    doi = {10.1016/j.ijfatigue.2008.12.005},
    keywords = {Crack nucleation, Fracture mechanics, Fretting fatigue, Fretting fatigue testing}
}

@article{Cen2014OnSpeeds,
    title = {{On the Film Thickness of Grease-Lubricated Contacts at Low Speeds}},
    year = {2014},
    journal = {Tribology Transactions},
    author = {Cen, Hui and Lugt, Piet M. and Morales-Espejel, Guillermo},
    number = {4},
    pages = {668--678},
    volume = {57},
    isbn = {1040-2004},
    doi = {10.1080/10402004.2014.897781},
    issn = {1547397X},
    keywords = {Full Bearing Test, Grease Film Thickness, Single Contact, Ultralow Speed}
}

@article{Shen2013Plain-frettingConnection,
    title = {{Plain-fretting fatigue competition and prediction in spline shaft-hub connection}},
    year = {2013},
    journal = {International Journal of Fatigue},
    author = {Shen, L. J. and Lohrengel, A. and Sch{\"{a}}fer, G.},
    pages = {68--81},
    volume = {52},
    publisher = {Elsevier Ltd},
    url = {http://dx.doi.org/10.1016/j.ijfatigue.2012.11.012},
    isbn = {0142-1123},
    doi = {10.1016/j.ijfatigue.2012.11.012},
    issn = {01421123},
    keywords = {Competition, Fretting fatigue, Plain fatigue, Spline shaft-hub connection, Unified prediction model}
}

@article{Qureshi2017Prediction42CrMo4,
    title = {{Prediction of fretting wear in aero-engine spline couplings made of 42CrMo4}},
    year = {2017},
    journal = {Proceedings of the Institution of Mechanical Engineers, Part C: Journal of Mechanical Engineering Science},
    author = {Qureshi, Waqar and Cur{\`{a}}, Francesca and Mura, Andrea},
    pages = {4684–4692},
    volume = {231},
    doi = {10.1177/0954406216669177},
    issn = {20412983},
    keywords = {Fretting wear, aero-engine, artificial neural networks, spline couplings}
}

@article{Qureshi2015PrincipalCouplings,
    title = {{Principal Component Analysis for Characterization of Fretting wear Experiments on Spline Couplings}},
    year = {2015},
    journal = {Procedia Engineering},
    author = {Qureshi, Waqar and Cur{\`{a}}, Francesca and Mura, Andrea},
    pages = {73--79},
    volume = {109},
    url = {https://linkinghub.elsevier.com/retrieve/pii/S1877705815011716},
    doi = {10.1016/j.proeng.2015.06.209},
    issn = {18777058},
    keywords = {fretting wear, principal component analysis, spline couplings}
}

@article{Medina2002RegimesCouplings,
    title = {{Regimes of Contact in Spline Couplings}},
    year = {2002},
    journal = {Journal of Tribology},
    author = {Medina, Simon and Olver, A. V.},
    number = {2},
    pages = {351--357},
    volume = {124},
    url = {http://tribology.asmedigitalcollection.asme.org/article.aspx?articleid=1466649},
    doi = {10.1115/1.1403456},
    issn = {07424787}
}

@article{Volfson1982StressShaft,
    title = {{Stress Sources and Critical Stress Combinations for Splined Shaft}},
    year = {1982},
    journal = {Journal of Mechanical Design},
    author = {Volfson, B P},
    number = {1},
    pages = {551--556},
    volume = {104},
    doi = {10.1115/1.3256385},
    issn = {10500472},
    keywords = {Force, bending, farcture, shear (Deformation), stress, torsion}
}

@article{Hu2016StudyCoupling,
    title = {{Study on the meshing force of misaligned gear coupling}},
    year = {2016},
    journal = {Advances in Engineering Research},
    author = {Hu, Yunbo and Wang, Huibin and Tan, Yuanqiang and Jiang, Likuan and Jiang, Shengqiang},
    pages = {452--458},
    volume = {113},
    keywords = {FEM, gear coupling, meshing force, misalignment}
}

@article{Cuffaro2014SurfaceWear,
    title = {{Surface characterization of spline coupling teeth subjected to fretting wear}},
    year = {2014},
    journal = {Procedia Engineering},
    author = {Cuffaro, Vincenzo and Cur{\`{a}}, Francesca and Mura, Andrea},
    pages = {135--142},
    volume = {74},
    publisher = {Elsevier B.V.},
    url = {http://dx.doi.org/10.1016/j.proeng.2014.06.237},
    isbn = {9781634393522},
    doi = {10.1016/j.proeng.2014.06.237},
    issn = {18777058},
    keywords = {Fretting, Roughness, Spline coupling, Test rig}
}

@article{Nakashima1988TeethCouplings,
    title = {{Teeth contact behaviour and Load distribution of gear couplings}},
    year = {1988},
    journal = {Trans. Jpn. Soc. Mech. Eng.},
    author = {Nakashima, Katuhiro},
    number = {Part C 54},
    pages = {1302--1307},
    volume = {502},
    isbn = {1090-0241},
    doi = {10.1061/͑ASCE͒1090-0241͑2003͒129:1͑12͒},
    issn = {1090-0241},
    pmid = {8987871},
    arxivId = {arXiv:1011.1669v3},
    keywords = {Gear couplings, contact, load distribution, machine element, tooth clearance}
}

@article{Cuffaro2013TestConditions,
    title = {{Test Rig for Spline Couplings Working in Misaligned Conditions}},
    year = {2013},
    journal = {Journal of Tribology},
    author = {Cuffaro, Vincenzo and Cur{\`{a}}, Francesca and Mura, Andrea},
    number = {1},
    pages = {011104},
    volume = {136},
    url = {http://tribology.asmedigitalcollection.asme.org/article.aspx?doi=10.1115/1.4025656},
    doi = {10.1115/1.4025656},
    issn = {0742-4787}
}

@article{Ding2007TheCoupling,
    title = {{The application of fretting wear modelling to a spline coupling}},
    year = {2007},
    journal = {Wear},
    author = {Ding, J. and McColl, I. R. and Leen, S. B.},
    pages = {1205--1216},
    volume = {262},
    isbn = {0043-1648},
    doi = {10.1016/j.wear.2006.11.017},
    issn = {00431648},
    keywords = {Contact, Cyclic torque, Finite element, Fretting, Fretting wear, Spline coupling}
}

@inproceedings{Pahl1978TheCouplings,
    title = {{The Operating Characteristics of gear-type couplings}},
    year = {1978},
    booktitle = {7th Turbomachinery Symposium},
    author = {Pahl, Gerhardt},
    pages = {167--173},
    publisher = {Texas A{\&}M University. Gas Turbine Laboratories},
    url = {https://oaktrust.library.tamu.edu/handle/1969.1/163775?show=full}
}

@article{Guo2016TheoreticalInfluences,
    title = {{Theoretical and experimental study on gear-coupling contact and loads considering misalignment, torque, and friction influences}},
    year = {2016},
    journal = {Mechanism and Machine Theory},
    author = {Guo, Yi and Lambert, Scott and Wallen, Robb and Errichello, Robert and Keller, Jonathan},
    pages = {242--262},
    volume = {98},
    publisher = {Elsevier Ltd.},
    isbn = {0094-114X},
    doi = {10.1016/j.mechmachtheory.2015.11.015},
    issn = {0094114X},
    keywords = {Contact, Friction, Gear coupling, Load, Misalignment}
}

@article{Cura2018TheoreticalCouplings,
    title = {{Theoretical and numerical evaluation of tilting moment in crowned teeth splined couplings}},
    year = {2018},
    journal = {Meccanica},
    author = {Cur{\`{a}}, Francesca and Mura, Andrea},
    number = {1-2},
    pages = {413--424},
    volume = {53},
    url = {http://link.springer.com/10.1007/s11012-017-0730-1},
    doi = {10.1007/s11012-017-0730-1},
    issn = {0025-6455},
    keywords = {Friction moment, Shaft misalignment, Spline coupling, Tilting moment, Tooth stiffness, Transmission design}
}

@article{Moked1968TothedOptimization,
    title = {{Tothed Couplings-Analysis and Optimization}},
    year = {1968},
    journal = {Transactions of the ASME},
    author = {Moked, I.},
    doi = {10.1115/1.3604658},
    issn = {15288935}
}

@article{Olver2003TribologyCouplings,
    title = {{Tribology of Spline Couplings}},
    year = {2003},
    journal = {Tribological Research and Design for Engineering Systems},
    author = {Olver, A. V. and Medina, Simon},
    pages = {589--602},
    issn = {01678922}
}

@phdthesis{Heinz1977UntersuchungLeistungen,
    title = {{Untersuchung der Kraft- und Reibungsverh{\"{a}}ltnisse in Zahnkupplungen f{\"{u}}r grobe Leistungen}},
    year = {1977},
    author = {Heinz, Diplang Rudolf},
    school = {TU Darmstadt}
}

@article{Chase2010VariationSplines,
    title = {{Variation analysis of tooth engagement and loads in involute splines}},
    year = {2010},
    journal = {IEEE Transactions on Automation Science and Engineering},
    author = {Chase, Kenneth W. and Sorensen, Carl D. and Decaires, Brian J.K.},
    number = {4},
    pages = {746--754},
    volume = {7},
    isbn = {1545-5955},
    doi = {10.1109/TASE.2009.2033033},
    issn = {15455955},
    keywords = {Gears, mechanical systems, stress, torque, variational methods, vehicles}
}

@article{Calistrat1975WhatCouplings,
    title = {{What Causes Wear in Gear-Type Couplings?}},
    year = {1975},
    journal = {Hydrocarbon Processing},
    author = {Calistrat, M. M.},
    number = {1},
    pages = {53--57},
    volume = {54},
    issn = {00188190}
}

@article{Dudley1957WhenControl,
    title = {{When Splines Need Stress Control}},
    year = {1957},
    journal = {Production Engineering},
    author = {Dudley, Darle W},
    pages = {56--59},
    volume = {28}
}